@article{einstein,
    author =       "Duffy, Connor",
    title =        "{What is social media phenomenon Pokemon Go?}",
    journal =      "Annalen der Physik",
    volume =       "322",
    number =       "10",
    pages =        "891--921",
    year =         "1905",
    DOI =          "http://dx.doi.org/10.1002/andp.19053221004"
}
 
@book{kenny_2010,
    author    = "Kenny Hunt",
    title     = "The Art of Image Processing with Java",
    year      = "2010",
    publisher = "CRC Press",
    address   = "Reading, Massachusetts",
    isbn = "9781568817170"
}

@misc{rocha_2016, 
    title={'You may NOT access our jail': Police and fire official air grievances over 'Pokemon Go'}, url={https://www.latimes.com/local/lanow/la-me-ln-pokemon-go-police-fire-20160715-snap-story.html}, 
    journal={Los Angeles Times}, 
    publisher={Los Angeles Times}, 
    author={Rocha, Veronica}, 
    year={2016},
    month={Jul}}

@misc{butcher_2016, 
    title={Pokémon Go See the World in Its Splendor}, url={https://www.nytimes.com/2016/07/17/opinion/sunday/pokemon-go-see-the-world-in-its-splendor.html?action=click&contentCollection=Asia Pacific&module=RelatedCoverage®ion=Marginalia&pgtype=article}, 
    journal={The New York Times}, 
    publisher={The New York Times}, 
    author={Butcher, Amy}, 
    year={2016}, 
    month={Jul}} 

@misc{daye_2016, 
    title={Pokémon Go helps two Marines to catch a murder suspect in Fullerton}, 
    url={https://www.cnn.com/2016/07/13/us/pokmon-go-helps-marines-to-catch-suspect/index.html}, 
    journal={CNN}, 
    publisher={Cable News Network}, 
    author={Daye, Alison}, 
    year={2016}, 
    month={Jul}}

@misc{duffy_2016, 
    title={What is social media phenomenon Pokemon Go?}, url={https://www.abc.net.au/news/2016-07-11/what-is-pokemon-go/7587346}, 
    journal={ABC News}, 
    publisher={Australian Broadcasting Corporation}, 
    author={Duffy, Conor}, 
    year={2016}, 
    month={Jul}}

@misc{isaac_2016, 
    title={Times Reporter Descends Into Pokémania}, url={https://www.nytimes.com/2016/07/12/insider/how-pokemon-go-augmented-a-reporters-reality.html?_r=0}, 
    journal={The New York Times}, 
    publisher={The New York Times}, 
    author={Isaac, Mike}, 
    year={2016}, 
    month={Jul}} 

@misc{kain_2016, 
    title={'Pokémon GO' Is More Than Just A Game And It's Bringing People Together}, url={https://www.forbes.com/sites/erikkain/2016/07/11/pokemon-go-is-more-than-just-a-game-its-a-phenomenon-thats-bringing-people-together/#519d037214ff}, 
    journal={Forbes}, 
    publisher={Forbes Magazine}, 
    author={Kain, Erik}, 
    year={2016},
    month={Jul}}

@misc{laurenjohnson_2016, 
    title={231 Million People Talked About Pokemon Go on Facebook in July}, 
    url={https://www.adweek.com/digital/231-million-people-talked-about-pokemon-go-facebook-and-instagram-july-172891/}, 
    journal={– Adweek}, 
    publisher={Adweek}, 
    author={Laurenjohnson}, 
    year={2016}, 
    month={Aug}}

@misc{ahmed_2016, 
    title={Mosques, Churches and Temples – the religious landscape of Pokemon }, 
    url={https://web.archive.org/web/20160821210943/http://www.onreligion.co.uk/blogs/mosques-churches-and-temples-the-religious-landscape-of-pokemon/}, 
    journal={On Religion}, 
    publisher={Rovi Corporation}, 
    author={Ahmed, Abdul-Azim}, 
    year={2016}, 
    month={Jul}}

@misc{cherelus_2016, 
    title={Pokemon Go blamed for crimes but also aids embattled U.S. police}, 
    url={https://www.reuters.com/article/us-nintendo-pokemon-backlash-idUSKCN0ZT2OM}, 
    journal={Reuters}, 
    publisher={Thomson Reuters}, 
    author={Cherelus, Gina}, 
    year={2016}, 
    month={Jul}}

@misc{r_2016, 
    title={Masjid Jadi Tempat Pokestop Game Pokemon GO, Begini Pandangan MUI}, 
    url={https://news.detik.com/berita/3252294/masjid-jadi-tempat-pokestop-game-pokemon-go-begini-pandangan-mui}, 
    journal={detiknews}, 
    author={R, Mei Amelia}, 
    year={2016}, 
    month={Jul}}

@misc{reports_2016, 
    title={Four arrested after robbery in Auburn connected to 'Pokémon Go' app},     url={https://www.oanow.com/news/crime_courts/four-arrested-after-robbery-in-auburn-connected-to-pok-mon/article_4e7e5e5e-492c-11e6-94d7-5fc7b8837e8d.html}, 
    journal={OANow.com}, 
    author={reports, From staff}, 
    year={2016}, 
    month={Jul}} 

@misc{shields_perlberg_2016, 
    title={Ad Agencies Scramble to Form 'Pokémon Go' Strategies}, url={https://www.wsj.com/articles/ad-agencies-scramble-to-form-pokemon-go-strategies-1468425523}, 
    journal={The Wall Street Journal}, 
    publisher={Dow Jones & Company}, 
    author={Shields, Mike and Perlberg, Steven}, 
    year={2016},
    month={Jul}} 

@misc{staff, 
    title={Pokemon Go players tip Kuna police to alleged arson near church}, 
    url={https://www.idahostatesman.com/news/local/crime/article88912227.html}, 
    journal={idahostatesman}, 
    publisher={Idaho Statesman}, 
    author={Staff, Statesman}} 

@misc{steinmetz_2016, 
    title={The Surprising History Behind the Word Pokémon}, url={http://time.com/4411912/pokemon-go-word-origin/}, journal={Time}, 
    publisher={Time}, 
    author={Steinmetz, Katy}, 
    year={2016}, 
    month={Jul}}

@misc{sydneyShaw_2016, 
    title={How N.J. businesses are benefiting from Pokemon Go craze}, 
    url={https://www.nj.com/entertainment/index.ssf/2016/07/pokemon_go_might_be_restaurants_and_retailers_new.html}, journal={NJ.com}, 
    publisher={NJ.com}, 
    author={Sydney Shaw}, 
    year={2016},
    month={Jul}}

@article{alcantarilla2011fast,
  title={Fast explicit diffusion for accelerated features in nonlinear scale spaces},
  author={Alcantarilla, Pablo F and Solutions, T},
  journal={IEEE Trans. Patt. Anal. Mach. Intell},
  volume={34},
  number={7},
  pages={1281--1298},
  year={2011}
}

@article{mikolajczyk2005,
  title="{A comparison of affine region detectors}",
  author="{Mikolajczyk, Krystian and Tuytelaars, Tinne and Schmid, Cordelia and Zisserman, Andrew and Matas, Jiri and Schaffalitzky, Frederik and Kadir, Timor and Van Gool, Luc}",
  journal="International journal of computer vision",
  volume="65",
  number="1-2",
  pages="43--72",
  year="2005",
  publisher="Springer"
}

@article{einstein,
    author =       "Duffy, Connor",
    title =        "{What is social media phenomenon Pokemon Go?}",
    journal =      "Annalen der Physik",
    volume =       "322",
    number =       "10",
    pages =        "891--921",
    year =         "1905",
    DOI =          "http://dx.doi.org/10.1002/andp.19053221004"
}

@book{galitz2007,
  title={The essential guide to user interface design: an introduction to GUI design principles and techniques},
  author={Galitz, Wilbert O},
  year={2007},
  publisher={John Wiley \& Sons}
}


@misc{roberts_2018, 
    title={Serverless Architectures}, 
    url={https://martinfowler.com/articles/serverless.html#unpacking-faas}, 
    journal={martinfowler.com}, 
    publisher={martinfowler.com}, 
    author={Mike Roberts}, 
    year={2018},
    month={May}}
    
@book{Ristic2005,
  title={Apache Security.},
  author={Ristic, Ivan },
  year={2005},
  publisher={O'Reilly Media},
  isbn={0596007248}
}
    
